<record><leader>00000cas a22000007a 4500</leader><controlfield tag="001">19714510</controlfield><controlfield tag="008">890516d19701988mouwr ne      0    0eng d</controlfield><datafield ind1=" " ind2=" " tag="010"><subfield code="a">sn 89066119 </subfield></datafield><datafield ind1=" " ind2=" " tag="040"><subfield code="a">MQN</subfield><subfield code="b">eng</subfield><subfield code="c">MQN</subfield><subfield code="d">OCLCQ</subfield></datafield><datafield ind1=" " ind2=" " tag="042"><subfield code="a">msc</subfield></datafield><datafield ind1="0" ind2="0" tag="245"><subfield code="a">Maries County gazette-adviser.</subfield></datafield><datafield ind1=" " ind2=" " tag="260"><subfield code="a">Vienna, Mo. :</subfield><subfield code="b">Tri-County Publications,</subfield><subfield code="c">1970-1988.</subfield></datafield><datafield ind1=" " ind2=" " tag="300"><subfield code="a">v.</subfield></datafield><datafield ind1=" " ind2=" " tag="310"><subfield code="a">Weekly</subfield></datafield><datafield ind1="0" ind2=" " tag="362"><subfield code="a">Vol. 95, no. 27 (Dec. 17, 1970)-v. 113, no. 13 (Sept. 7, 1988).</subfield></datafield><datafield ind1=" " ind2=" " tag="515"><subfield code="a">Continues numbering of: Maries County gazette (Vienna, Mo. : 1889).</subfield></datafield><datafield ind1=" " ind2="4" tag="651"><subfield code="a">Maries County (Mo.)</subfield><subfield code="v">Newspapers.</subfield></datafield><datafield ind1=" " ind2=" " tag="752"><subfield code="a">United States</subfield><subfield code="b">Missouri</subfield><subfield code="c">Maries</subfield><subfield code="d">Vienna.</subfield></datafield><datafield ind1="0" ind2="4" tag="780"><subfield code="t">Maries County gazette (Vienna, Mo. : 1889)</subfield><subfield code="w">(DLC)sn 89066118</subfield></datafield><datafield ind1="0" ind2="4" tag="780"><subfield code="t">Home adviser</subfield><subfield code="w">(DLC)sn 86064007</subfield></datafield><datafield ind1="0" ind2="0" tag="785"><subfield code="t">Maries County gazette (Vienna, Mo. : 1988)</subfield><subfield code="w">(DLC)sn 89066140</subfield></datafield></record>